@article{r1,
  title={Hybrid automatic repeat request (HARQ) in wireless communications systems and standards: A contemporary survey},
  author={Ahmed, Ashfaq and Al-Dweik, Arafat and Iraqi, Youssef and Mukhtar, Husameldin and Naeem, Muhammad and Hossain, Ekram},
  journal={IEEE Communications Surveys \& Tutorials},
  volume={23},
  number={4},
  pages={2711--2752},
  year={2021},
  publisher={IEEE}
}

@article{r50,
  title={Hybrid Automatic Repeat Request (HARQ) in Wireless Communications Systems and Standards: A Contemporary Survey},
  author={Al-Dweik, Arafat and Iraqi, Youssef and Mukhtar, Hussam and Naeem, Muhammad and Hossain, Ekram and others},
  journal={Authorea Preprints},
  year={2023},
  publisher={Authorea}
}

@article{r2,
  title={Automatic-repeat-request error-control schemes},
  author={Lin, Shu and Costello, Daniel J and Miller, Michael J},
  journal={IEEE Communications magazine},
  volume={22},
  number={12},
  pages={5--17},
  year={1984},
  publisher={IEEE}
}

@misc{r3,
    howpublished = {\url{https://en.m.wikipedia.org/wiki/Hybrid_automatic_repeat_request}},
   
  }

@misc{r4,
 
    howpublished = "\url{https://devopedia.org/hybrid-arq}",
    
}

@inproceedings{r5,
  title={An adaptive ARQ-HARQ method with BCH Codes},
  author={Kotuliakov{\'a}, Kvetoslava and Polec, Jaroslav and Cs{\'o}ka, Filip},
  booktitle={2017 IEEE 11th International Conference on Application of Information and Communication Technologies (AICT)},
  pages={1--5},
  year={2017},
  organization={IEEE}
}

@inproceedings{r6,
  title={New adaptive ARQ/HARQ scheme using RS coding and ITS throughput analysis},
  author={Fidler, Peter and Poctavek, Jan and Kotuliakova, Kvetoslava and Polec, Jaroslav},
  booktitle={IEEE EUROCON 2009},
  pages={1662--1667},
  year={2009},
  organization={IEEE}
}

@INPROCEEDINGS{r7,
  author={Joiner, L.L. and Komo, J.J.},
  booktitle={Proceedings IEEE Southeastcon '95. Visualize the Future}, 
  title={Decoding binary BCH codes}, 
  year={1995},
  volume={},
  number={},
  pages={67-73},
  keywords={Decoding;Polynomials;Equations;Computer errors;Error correction codes;Galois fields;Reed-Solomon codes;Parity check codes},
  doi={10.1109/SECON.1995.513059}
}

@article{r8,
  title={An Adaptive ARQ--HARQ Method with Two RS Codes},
  author={Martinovi{\v{c}}, Michal and Polec, Jaroslav and Kotuliakov{\'a}, Kvetoslava},
  journal={International Journal of Electronics and Communication Engineering},
  volume={7},
  number={4},
  pages={385--389},
  year={2013}
}


@article{r9,
  title={A survey and tutorial on low-complexity turbo coding techniques and a holistic hybrid ARQ design example},
  author={Chen, Hong and Maunder, Robert G and Hanzo, Lajos},
  journal={IEEE Communications Surveys \& Tutorials},
  volume={15},
  number={4},
  pages={1546--1566},
  year={2013},
  publisher={IEEE}
}

@inproceedings{r11,
  title={A novel SIR to channel-quality indicator (CQI) mapping method for HSDPA system},
  author={Ko, Kyungsu and Lee, Daewon and Lee, Moohong and Lee, Hwang Soo},
  booktitle={IEEE Vehicular Technology Conference},
  pages={1--5},
  year={2006},
  organization={IEEE}
}

@article{r12,
  title={An effective go-back-N ARQ scheme for variable-error-rate channels},
  author={Yao, Yu-Dong},
  journal={IEEE Transactions on Communications},
  volume={43},
  number={1},
  pages={20--23},
  year={1995},
  publisher={IEEE}
}

@inproceedings{r13,
  title={A hybrid ARQ protocol for the communication system with multiple channels},
  author={Li, Qian and Chen, Chun-Xiang},
  booktitle={2018 International Conference on Information and Communication Technology Convergence (ICTC)},
  pages={222--227},
  year={2018},
  organization={IEEE}
}

@article{r14,
  title={Opportunities and challenges for error control schemes for wireless sensor networks: A review},
  author={Kadel, Rajan and Paudel, Krishna and Guruge, Deepani B and Halder, Sharly J},
  journal={Electronics},
  volume={9},
  number={3},
  pages={504},
  year={2020},
  publisher={MDPI}
}

@inproceedings{r15,
  title={Soft turbo HARQ combining},
  author={El-Khamy, Mostafa and Lee, Jungwon and Kang, Inyup},
  booktitle={2013 IEEE International Conference on Communications (ICC)},
  pages={5542--5547},
  year={2013},
  organization={IEEE}
}

@INPROCEEDINGS{r16,
  author={Zhen Liu and Ran Duan and Dacheng Yang},
  booktitle={2006 IEEE 63rd Vehicular Technology Conference}, 
  title={A New Equivalent SNR Calculation in AMC}, 
  year={2006},
  volume={4},
  number={},
  pages={1680-1682},
  keywords={Throughput;Modulation coding;Quadrature amplitude modulation;Channel capacity;Fading;Turbo codes;Convolutional codes;Bit error rate;AWGN;Radio access networks;AMC;equivalent SNR calculation;Penalty factor;MCS},
  doi={10.1109/VETECS.2006.1683132}
}

@article{r17,
  title={An adaptive low-power LDPC decoder using SNR estimation},
  author={Park, Joo-Yul and Chung, Ki-Seok},
  journal={EURASIP Journal on Wireless Communications and Networking},
  volume={2011},
  pages={1--9},
  year={2011},
  publisher={Springer}
}

@article{r18,
  title={Improving automatic repeat-request (ARQ) performance on satellite channels under high error rate conditions},
  author={Sastry, A},
  journal={IEEE Transactions on Communications},
  volume={23},
  number={4},
  pages={436--439},
  year={1975},
  publisher={IEEE}
}

@inproceedings{r19,
  title={Performance of HARQ I schemes using turbo codes},
  author={El Bahri, M Wissem and Raouefi, Fathi and Boujem{\^a}a, Hatem and Siala, Mohamed},
  booktitle={2005 12th IEEE International Conference on Electronics, Circuits and Systems},
  pages={1--4},
  year={2005},
  organization={IEEE}
}

@inproceedings{r20,
  title={Improved SNR estimation algorithm},
  author={Qun, Xu and Jian, Zhou},
  booktitle={2017 International Conference on Computer Systems, Electronics and Control (ICCSEC)},
  pages={1458--1461},
  year={2017},
  organization={IEEE}
}

@article{r21,
  title={Analysis of ARQ schemes},
  author={Kotuliakov{\'a}, K and {\v{S}}imla{\v{s}}t{\'\i}kov{\'a}, D and Polec, J},
  journal={Telecommunication Systems},
  volume={52},
  pages={1677--1682},
  year={2013},
  publisher={Springer}
}

@article{r22,
  title={Understanding turbo codes: A signal processing study},
  author={Xia, Xiang-Gen},
  journal={Journal of Information and Intelligence},
  volume={2},
  number={1},
  pages={1--13},
  year={2024},
  publisher={Elsevier}
}

@article{r23,
  title={Understanding turbo codes: A signal processing study},
  author={Xia, Xiang-Gen},
  journal={Journal of Information and Intelligence},
  volume={2},
  number={1},
  pages={1--13},
  year={2024},
  publisher={Elsevier}
}

@misc{r24,
    author = {Ashfaq Ahmed and Arafat Al-Dweik and Youssef Iraqi and  Husameldin Mukhtar and Muhammad Naeem and Ekram Hossain },
    title = {Hybrid Automatic Repeat Request (HARQ) in Wireless Communications Systems and Standards: A Contemporary Survey},
    howpublished = "\url{https://ieeexplore.ieee.org/document/9471818}",
    year = {2021},
    note = {[]}
}

@inproceedings{r25,
  title={An overview of turbo codes and their applications},
  author={Berrou, Claude and Pyndiah, Ramesh and Adde, Patrick and Douillard, Catherine and Le Bidan, Rapha{\"e}l},
  booktitle={The European Conference on Wireless Technology, 2005.},
  pages={1--9},
  year={2005},
  organization={IEEE}
}

@article{r26,
  title={Performance analysis of go-back-N ARQ protocol used in data transmission over noisy channels},
  author={Nada, Fayza Ahmed},
  journal={Adv. Sci. Technol. Eng. Syst. J},
  volume={5},
  number={4},
  pages={612--617},
  year={2020}
}

@article{r27,
  title={Throughput parameter optimization of adaptive ARQ/HARQ scheme},
  author={Poctavek, J{\'a}n and Kotuliakov{\'a}, Kvetoslava and Polec, Jaroslav and Osadsk{\`y}, Michal and Ondrusova, Sandra},
  journal={International Journal of Communication Networks and Information Security},
  volume={3},
  number={1},
  pages={89},
  year={2011},
  publisher={Citeseer}
}


@article{r28,
  title={Non-orthogonal HARQ for URLLC: Design and Analysis},
  author={Nadeem, Faisal and Shirvanimoghaddam, Mahyar and Li, Yonghui and Vucetic, Branka},
  journal={IEEE Internet of Things Journal},
  volume={8},
  number={24},
  pages={17596--17610},
  year={2021}
}

@article{r29,
  title={Energy-Efficient Optimization for HARQ Schemes over Time-Correlated Fading Channels},
  author={Shi, Zheng and Ma, Shaodan and Yang, Guanghua and Alouini, Mohamed-Slim},
  howpublished = "\url{https://www.researchgate.net/publication/363921036_Energy-Efficient_Optimization_for_HARQ_Schemes_over_Time-Correlated_Fading_Channels}",
  year={2022}
}

@article{r30,
  title={An Adaptive Hybrid Automatic Repeat Request (A-HARQ) Scheme Based on Reinforcement Learning},
  author={Lin, Shih-Yang and Yang, Miao-Hui and Jia, Shuo},
  journal={Electronics},
  volume={12},
  number={19},
  pages={4127},
  year={2023}
}

@article{r31,
  title={Revisiting Data Recovery Loops in 6G Networks},
  author={Uyoata, Uyoata E. and Amiri, Abolfazl and Juan, Enric and Pocovi, Guillermo and Andres-Maldonado, Pilar and Pedersen, Klaus I. and Kolding, Troels},
  booktitle={2024 Joint European Conference on Networks and Communications \& 6G Summit (EuCNC/6G Summit)},
  pages={1145--1150},
  year={2024},
  organization={IEEE}
}
